<record><leader>00000cas a22000007a 4500</leader><controlfield tag="001">12147292</controlfield><controlfield tag="008">850612d194619uualuer ne      0    0eng d</controlfield><datafield ind1=" " ind2=" " tag="010"><subfield code="a">sn 85044659 </subfield></datafield><datafield ind1=" " ind2=" " tag="040"><subfield code="a">CPN</subfield><subfield code="b">eng</subfield><subfield code="c">CPN</subfield><subfield code="d">OCLCQ</subfield></datafield><datafield ind1=" " ind2=" " tag="042"><subfield code="a">msc</subfield></datafield><datafield ind1="0" ind2="0" tag="245"><subfield code="a">Craig clarion.</subfield></datafield><datafield ind1=" " ind2=" " tag="260"><subfield code="a">Craig Field, Ala. :</subfield><subfield code="b">[s.n.],</subfield><subfield code="c">1946-</subfield></datafield><datafield ind1=" " ind2=" " tag="300"><subfield code="a">v. :</subfield><subfield code="b">ill. ;</subfield><subfield code="c">41 cm.</subfield></datafield><datafield ind1=" " ind2=" " tag="310"><subfield code="a">Biweekly</subfield></datafield><datafield ind1="0" ind2=" " tag="362"><subfield code="a">Vol. 1, no. 1 (Sept. 19, 1946)-</subfield></datafield><datafield ind1=" " ind2=" " tag="500"><subfield code="a">Editors: PFC. Kenneth Axelson, &lt;1946&gt;; PVT. Joe A. Azbell, &lt;1946&gt;.</subfield></datafield><datafield ind1=" " ind2=" " tag="752"><subfield code="a">United States</subfield><subfield code="b">Alabama</subfield><subfield code="c">Dallas</subfield><subfield code="d">Craig Field.</subfield></datafield><datafield ind1="1" ind2=" " tag="029"><subfield code="a">AU@</subfield><subfield code="b">000025828583</subfield></datafield></record>